<?xml version="1.0" encoding="UTF-8"?><record xmlns="http://www.loc.gov/MARC21/slim" xmlns:cinclude="http://apache.org/cocoon/include/1.0" xmlns:zs="http://www.loc.gov/zing/srw/">
  <leader>00428cz  a2200133n  4500</leader>
  <controlfield tag="001">n  88013904 </controlfield>
  <controlfield tag="003">DLC</controlfield>
  <controlfield tag="005">19900516092114.3</controlfield>
  <controlfield tag="008">880907n| acannaab|          |n aaa |||  </controlfield>
  <datafield tag="010" ind1=" " ind2=" ">
    <subfield code="a">n  88013904 </subfield>
    <subfield code="z">n  90612479 </subfield>
  </datafield>
  <datafield tag="040" ind1=" " ind2=" ">
    <subfield code="a">DLC</subfield>
    <subfield code="c">DLC</subfield>
    <subfield code="d">DLC</subfield>
  </datafield>
  <datafield tag="100" ind1="1" ind2="0">
    <subfield code="a">Savage, C. Wade</subfield>
  </datafield>
  <datafield tag="670" ind1=" " ind2=" ">
    <subfield code="a">Rereading Russell essays in Bertrand Russell's metaphysics ... c1988:</subfield>
    <subfield code="b">CIP t.p. (C. Wade Savage)</subfield>
  </datafield>
  <datafield tag="670" ind1=" " ind2=" ">
    <subfield code="a">LC data base, 9/1/88</subfield>
    <subfield code="b">(hdg.: C. Wade Savage)</subfield>
  </datafield>
</record>